@misc{ENS,
    author = "P. Xia and H. Wang and Z. Yu and X. Liu and X. Luo and G. Xu",
    title = "Ethereum Name Service: the Good, the Bad, and the Ugly",
    month = "Apr.",
    year = "2021",
    howpublished = "Available: https://arxiv.org/abs/2104.05185",
    note = "arXiv:2104.05185 [cs]"
}

@article{DIM,
    author = "Sourabh",
    title = "Inderprastha Engineering College",
    journal = "International Research Journal of Engineering and Technology",
    month = "May",
    year = "2020",
    note = "Accessed September 7, 2022"
}

@techreport{TOR,
	author = "Roger Dingledine and Nick Mathewson and Paul Syverson",
	title = "Tor: The Second-Generation Onion Router",
	institution = "NAVAL RESEARCH LAB WASHINGTON DC",
  	address     = "555 Overlook Ave SW, Washington, DC 20375",
  	number      = "ADA465464",
  	year        = 2004,
  	month       = jan
}

@article{TCP,
  title={A comparative analysis of nat hole punching},
  year={2011},
  journal={HTWG FORUM - Das Forschungsmagazin der HTWG Konstanz},
  pages={40--48},
  author={Maier, Daniel and Haase, Oliver and Wäsch, Jürgen and Waldvogel, Marcel}
}

@article{ETH,
     title={Ethereum: A secure decentralised generalised transaction ledger},
     author={Wood, Gavin},
     edition={EIP-150 REVISION}
}

@Article{SENSE,
AUTHOR = {Ali, Muhammad Salek and Vecchio, Massimo and Putra, Guntur D. and Kanhere, Salil S. and Antonelli, Fabio},
TITLE = {A Decentralized Peer-to-Peer Remote Health Monitoring System},
JOURNAL = {Sensors},
VOLUME = {20},
YEAR = {2020},
NUMBER = {6},
ARTICLE-NUMBER = {1656},
URL = {https://www.mdpi.com/1424-8220/20/6/1656},
ISSN = {1424-8220}
}

@misc{CO,
title={Concurrency and coroutines: Kotlin}, 
url={https://kotlinlang.org/docs/multiplatform-mobile-concurrency-and-coroutines.html#coroutines}, 
journal={Kotlin Help}
} 

@misc{ROOM,
title={Save data in a local database using room android developers2022}, url={https://developer.android.com/training/data-storage/room}, 
journal={Android Developers}, year={2022}
}

@misc{KTOR, 
title={Welcome: KTOR}, 
url={https://ktor.io/docs/welcome.html},
journal={Ktor Help},
year={2022}
}

 @online{THALIGIT, 
 title={Thaliproject/tor\_onion\_proxy\_library: Provides a jar and an AAR for embedding the Tor onion proxy into a Java or Android program}, 
 url={https://github.com/thaliproject/Tor\_Onion\_Proxy\_Library},
 journal={GitHub}, 
 publisher={Thalia Project}, 
 author={Thaliproject}, 
 year={2014}, 
 month={Jun}
}  

@misc{THALI, 
 url={http://thaliproject.org/}, 
 journal={Thali}, 
 publisher={Microsoft}
} 




